<record><leader>00000cas a2200000 a 4500</leader><controlfield tag="001">17361267</controlfield><controlfield tag="008">880119d19321934laudn ne      0    0eng d</controlfield><datafield ind1=" " ind2=" " tag="010"><subfield code="a">sn 88064132 </subfield></datafield><datafield ind1=" " ind2=" " tag="040"><subfield code="a">MFM</subfield><subfield code="b">eng</subfield><subfield code="c">MFM</subfield><subfield code="d">LNP</subfield><subfield code="d">MSJ</subfield><subfield code="d">OCL</subfield><subfield code="d">OCLCG</subfield><subfield code="d">LSH</subfield><subfield code="d">OCLCQ</subfield><subfield code="d">OCLCF</subfield><subfield code="d">OCLCO</subfield></datafield><datafield ind1=" " ind2=" " tag="042"><subfield code="a">msc</subfield></datafield><datafield ind1=" " ind2=" " tag="043"><subfield code="a">n-us-la</subfield></datafield><datafield ind1="0" ind2=" " tag="130"><subfield code="a">Daily courier (Hammond, La.)</subfield></datafield><datafield ind1="1" ind2="4" tag="245"><subfield code="a">The Daily courier.</subfield></datafield><datafield ind1=" " ind2=" " tag="260"><subfield code="a">Hammond, La. :</subfield><subfield code="b">Courier Pub. Co.,</subfield><subfield code="c">1932-1934.</subfield></datafield><datafield ind1=" " ind2=" " tag="310"><subfield code="a">Daily (except Sun.)</subfield></datafield><datafield ind1="0" ind2=" " tag="362"><subfield code="a">Vol. 1, no. 165 (Oct. 29, 1932)-v. 3, no. 81 (July 21, 1934).</subfield></datafield><datafield ind1=" " ind2=" " tag="500"><subfield code="a">Editor: William Hodding Carter, Jr.</subfield></datafield><datafield ind1=" " ind2="0" tag="651"><subfield code="a">Hammond (La.)</subfield><subfield code="v">Newspapers.</subfield></datafield><datafield ind1=" " ind2="7" tag="655"><subfield code="a">Newspapers.</subfield><subfield code="2">fast</subfield><subfield code="0">(OCoLC)fst01423814</subfield></datafield><datafield ind1=" " ind2="7" tag="651"><subfield code="a">Louisiana</subfield><subfield code="z">Hammond.</subfield><subfield code="2">fast</subfield><subfield code="0">(OCoLC)fst01216216</subfield></datafield><datafield ind1="1" ind2=" " tag="700"><subfield code="a">Carter, Hodding,</subfield><subfield code="d">1907-1972.</subfield></datafield><datafield ind1=" " ind2=" " tag="752"><subfield code="a">United States</subfield><subfield code="b">Louisiana</subfield><subfield code="c">Tangipahoa</subfield><subfield code="d">Hammond.</subfield></datafield><datafield ind1="0" ind2="0" tag="780"><subfield code="t">Hammond daily courier</subfield><subfield code="w">(DLC)sn 88064130</subfield></datafield><datafield ind1="0" ind2="0" tag="785"><subfield code="t">Tangipahoa Parish daily courier</subfield><subfield code="w">(DLC)sn 88064131</subfield></datafield></record>